% Notas Imporantes:
% Poner una diagonal investida antes de los siguientes caracteres: #, $, %, ^, &, {, }, ~, [, ], <, >, _
% Caso Particuloar: Diagonal Invertida (\) sustituir por (\textbackslash) y dejar un espacio
% Ver enlace:

@Book{Hammond,
  title                    = {Practical Artificial Intelligence for Dummies},
  author                   = {Kristian Hammond},
  publisher                = {John Wiley and Sons, Inc.},
  year                     = {2015},
  address                  = {},
  series                   = {}
} 

@Book{SmolaVishwanathan,
  title                    = {Introduction to Machine Learning},
  author                   = {Alex Smola and S.V.N Vishwanathan},
  publisher                = {Cambridge University Press},
  year                     = {2008},
  address                  = {},
  series                   = {}
}

@Book{Geron,
  title                    = {Hands-On. Machine Learning with Scikit-Learn and TensorFlow},
  author                   = {Aurélien Géron},
  publisher                = {O' Reilly Media. Inc.},
  year                     = {2017},
  address                  = {},
  series                   = {}
}

@Misc{Huang,
	author={Steeve Huang},	
	title = {Introduction to Various Reinforcement Learning Algorithms. Part I (Q-Learning, SARSA, DQN, DDPG)},
	howpublished = {\href{https://towardsdatascience.com/introduction-to-various-reinforcement-learning-algorithms-i-q-learning-sarsa-dqn-ddpg-72a5e0cb6287}{https://towardsdatascience.com/introduction-to-various-reinforcement-learning-algorithms-i-q-learning-sarsa-dqn-ddpg-72a5e0cb6287}, consultado el \specialdate\today}
}

@Misc{ann,
	author={Technopedia},	
	title = {Artificial Neural Network (ANN)},
	howpublished = {\href{https://www.techopedia.com/definition/5967/artificial-neural-network-ann}{https://www.techopedia.com/definition/5967/artificial-neural-network-ann}, consultado el \specialdate\today}
}

@Misc{typesann,
	author={Andrew Tchircoff},	
	title = {Types of Artificial Neural Network (ANN) models},
	howpublished = {\href{https://towardsdatascience.com/the-mostly-complete-chart-of-neural-networks-explained-3fb6f2367464}{https://towardsdatascience.com/the-mostly-complete-chart-of-neural-networks-explained-3fb6f2367464}, consultado el \specialdate\today}
}


@Misc{tensornut,
	author={Camron Godbout},	
	title = {TensorFlow in a nutshell},
	howpublished = {\href{https://medium.com/@camrongodbout/tensorflow-in-a-nutshell-part-one-basics-3f4403709c9d}{https://medium.com/@camrongodbout/tensorflow-in-a-nutshell-part-one-basics-3f4403709c9d}, consultado el \specialdate\today}
}

@Misc{arthur16,
	author={Arthur Juliani},	
	title = {Simple Reinforcement Learning with Tensorflow Part 0: Q-Learning with Tables and Neural Networks},
	howpublished = {\href{https://medium.com/emergent-future/simple-reinforcement-learning-with-tensorflow-part-0-q-learning-with-tables-and-neural-networks-d195264329d0}{https://medium.com/emergent-future/simple-reinforcement-learning-with-tensorflow-part-0-q-learning-with-tables-and-neural-networks-d195264329d0}, consultado el \specialdate\today}
}

@Misc{amytensor,
	author={Amy Unruh Feed},	
	title = {What is the TensorFlow machine intelligence platform?},
	howpublished = {\href{https://opensource.com/article/17/11/intro-tensorflow}{https://opensource.com/article/17/11/intro-tensorflow}, consultado el \specialdate\today}
}

@Misc{gittensor,
	author={TensorFlow Github},	
	title = {TensorFlow Models},
	howpublished = {\href{https://github.com/tensorflow/models/tree/master/official}{https://github.com/tensorflow/models/tree/master/official}, consultado el \specialdate\today}
}
